@techreport{Specs,
    title = "Rapport de spécifications fonctionnelles",
    author = "A. Lods and F. Boschet and A. Bouchet and R. Colombat and G. Perrudin and N. Song Hai and M. Tuekam",
    year = "2015",
    month = "november",
    institution = "INSA Rennes"
 }

@techreport{Conc,
    title = "Rapport de conception",
    author = "A. Lods and F. Boschet and A. Bouchet and R. Colombat and G. Perrudin and N. Song Hai and M. Tuekam",
    year = "2016",
    month = "february",
    institution = "INSA Rennes"
 }

@techreport{Planif,
    title = "Document de planification initiale",
    author = "A. Lods and F. Boschet and A. Bouchet and R. Colombat and G. Perrudin and N. Song Hai and M. Tuekam",
    year = "2015",
    month = "december",
    institution = "INSA Rennes"
 }

@techreport{Pretude,
    title = "Rapport de pré-étude",
    author = "A. Lods and F. Boschet and A. Bouchet and R. Colombat and G. Perrudin and N. Song Hai and M. Tuekam",
    year = "2015",
    month = "november",
    institution = "INSA Rennes"
 }

@misc{Laravel,
	title = {Laravel},
	author = {Otwell, Taylor},
	howpublished = {https://laravel.com}
	}
	
@misc{GitRiver,
	title = {elasticsearch-river-mongodb},
	author = {Willy, Richard},
	howpublished = {https://github.com/richardwilly98/elasticsearch-river-mongodb/}
	}
	
@misc{GitBouncy,
		title = {Bouncy},
		author = {Dashi, Fadion },
		howpublished = {https://github.com/fadion/Bouncy}
		}
		
@misc{GitElasticquent,
	title = {Elasticsquent},
	author = {Fairholm, Adam},
	howpublished = {https://github.com/elasticquent/Elasticquent}
	}
		
@misc{GitLaravelMongo,
	title = {Laravel MongoDB},
	author = {Segers, Jens},
	howpublished = {https://github.com/jenssegers/laravel-mongodb}
	}
	
@misc{Bootstrap,
title = {Bootstrap},
author = {@mdo @fat from Twitter},
howpublished = {http://getbootstrap.com}
}