@techreport{Specs,
    title = "Rapport de sp√©cifications fonctionnelles",
    author = "A. Lods and F. Boschet and A. Bouchet and R. Colombat and G. Perrudin and N. Song Hai and M. Tuekam",
    year = "2015",
    month = "november",
    insitution = "INSA Rennes"
 }