@misc{GitRiver,
	title = {elasticsearch-river-mongodb},
	author = {Willy, Richard},
	howpublished = {https://github.com/richardwilly98/elasticsearch-river-mongodb/}
	}
	
@misc{GitElasticquent,
		title = {Elasticsquent},
		author = {Fairholm, Adam},
		howpublished = {https://github.com/elasticquent/Elasticquent}
		}
		
@misc{GitLaravelMongo,
	title = {Laravel MongoDB},
	author = {Segers, Jens},
	howpublished = {https://github.com/jenssegers/laravel-mongodb}
	}